@article{greenwade93,
    author  = "George D. Greenwade",
    title   = "The {C}omprehensive {T}ex {A}rchive {N}etwork ({CTAN})",
    year    = "1993",
    journal = "TUGBoat",
    volume  = "14",
    number  = "3",
    pages   = "342--351"
}
@online{angular,
  author = {Google},
  title = {Angular Docs},
  year = 2024,
  url = {https://angular.io/docs}
}
@online{ngrx,
  author = {NgRx Comunity},
  title = {NgRx Docs},
  year = 2023,
  url = {https://ngrx.io/docs}
}
@online{reactivex,
  author = {ReactiveX},
  title = {ReactiveX Docs},
  year = 2022,
  url = {https://reactivex.io/documentation/}
}
@online{primeng,
  author = {PrimeFaces},
  title = {PrimeNG Docs},
  url = {https://primeng.org/}
}
@online{dotnet,
  author = {Microsoft},
  title = {NET Docs},
  url = {https://learn.microsoft.com/it-it/dotnet/}
}
@video{dotnetVideos,
  author = {Microsoft},
  title = {NET Videos},
  year = 2023,
  url = {https://dotnet.microsoft.com/en-us/learn/videos},
  urldate = {2022-08-11}
}
@online{asp.net,
  author = {Microsoft},
  title = {ASP.NET Core Docs},
  url = {https://learn.microsoft.com/en-us/aspnet/core/?view=aspnetcore-7.0}
}
@online{dapper,
  author = {ZZZ Projects},
  title = {Dapper ORM},
  url = {https://www.learndapper.com/},
  date = {1 agosto 2023}
}
@online{fluentmigrator,
  author = {Fluent Migrator Project},
  title = {Fluent migrations framework for .NET},
  url = {https://fluentmigrator.github.io/},
  year = 2018
}
@online{keycloak,
  author = {The Linux Foundation},
  title = {Keycloak Docs},
  url = {https://www.keycloak.org/documentation},
  year = 2023
}
@online{oauth2,
  author = {OAuth},
  title = {OAuth 2.0},
  url = {https://oauth.net/2/}
}
@online{typescript,
  author = {Wikipedia},
  title = {TypeScript},
  url = {https://en.wikipedia.org/wiki/TypeScript#References}
}
@article{articleTS,
  author          = {Coner Murphy},
  journal         = {Prismic},
  title           = {What is TypeScript and Why You Should Use It For Your Next Project},
  date            = {9 agosto 2023},
  url             = {https://prismic.io/blog/what-is-typescript},
}
@article{articleORM,
  author          = {CoIhechikara Vincent Abba},
  journal         = {freeCodeCamp},
  title           = {What is an ORM – The Meaning of Object Relational Mapping Database Tools},
  date            = {21 ottobre 2022},
  url             = {https://www.freecodecamp.org/news/what-is-an-orm-the-meaning-of-object-relational-mapping-database-tools/}
}
@online{orm,
  author = {Wikipedia},
  title = {Object–relational mapping},
  url = {https://en.wikipedia.org/wiki/Object–relational_mapping}
}
@online{dbeaver,
  author = {Wikipedia},
  title = {DBeaver},
  url = {https://en.m.wikipedia.org/wiki/DBeaver}
}
@online{.netHistory,
  author = {Wikipedia},
  title = {.NET Framework version history},
  url = {https://en.wikipedia.org/wiki/.NET_Framework_version_history}
}
@online{.net,
  author = {Wikipedia},
  title = {.NET Framework},
  url = {https://en.wikipedia.org/wiki/.NET_Framework}
}
@online{asp.net,
  author = {Wikipedia},
  title = {ASP.NET},
  url = {https://en.wikipedia.org/wiki/ASP.NET}
}
@article{asp.netCore,
    author          = {Microsoft},
    journal         = {Prismic},
    title           = {Introduction to Identity on ASP.NET Core},
    date            = {9 agosto 2023},
    url = {https://learn.microsoft.com/en-us/aspnet/core/security/authentication/identity?view=aspnetcore-8.0&tabs=visual-studio}
}
@online{asp.netDocs,
  author = {Microsoft},
  title = {ASP.NET documentation},
  url = {https://learn.microsoft.com/en-us/aspnet/core/?view=aspnetcore-7.0}
}
@online{fluent,
  author = {Microsoft},
  title = {FluentMigrator project},
  url = {https://github.com/fluentmigrator/documentation}
}
@online{swagger,
  author = {Wikipedia},
  title = {Swagger (software)},
  url = {https://en.wikipedia.org/wiki/Swagger_(software)}
}
@online{swagger.io,
    author = {SmartBear},
    title = {API Development for Everyone},
    url = {https://swagger.io/}
}
@online{nmpInstall,
    author = {lukekarrys},
    title = {npm-install},
    date = {5 ottobre 2022},
    url = {https://docs.npmjs.com/cli/v10/commands/npm-install}
}
@online{angularguide,
    author = {Google},
    title = {Setting up the local environment and workspace},
    url = {https://angular.io/guide/setup-local}
}
@online{fullcalendar,
    author = {FullCalendar LLC},
    title = {Angular Component},
    date = {27 gennaio 2023},
    url = {https://fullcalendar.io/docs/angular}
}
@online{fullcalendar2,
    author = {Google},
    title = {Introduction to services and dependency injection},
    url = https://angular.io/guide/architecture-services}
}
@online{fullcalendar3,
    author = {Google},
    title = {Lesson 09: Angular services},
    url = https://angular.io/tutorial/first-app/first-app-lesson-09}
}