@article{greenwade93,
    author  = "George D. Greenwade",
    title   = "The {C}omprehensive {T}ex {A}rchive {N}etwork ({CTAN})",
    year    = "1993",
    journal = "TUGBoat",
    volume  = "14",
    number  = "3",
    pages   = "342--351"
}

@inproceedings{roaming,
  title={Electric vehicle recharging and roaming protocols: A Brazilian electromobility case study},
  year={2022},
  organization={Springer}
}

@online{ocpi,
  author = {eco-movement},
  title = {OCPI},
  year = 2017,
  url = {https://www.eco-movement.com/wp-content/uploads/2018/10/OCPI_2.1.1-RC1.pdf},
  urldate = {2017-01-15}
}

@online{ocpp,
  author = {eopen charge alliance},
  title = {OCPP 1.X},
  year = 2017,
  url = {https://www.oasis-open.org/committees/download.php/58916/OCPP-1.6.1-DRAFT.pdf},
  urldate = {2016-08-11}
}

@online{angular,
  author = {Google},
  title = {Angular Docs},
  year = 2022,
  url = {https://angular.io/},
  urldate = {2022-08-11}
}

@online{primeng,
  author = {PrimeFaces},
  title = {PrimeNG Docs},
  year = 2022,
  url = {https://primeng.org/},
  urldate = {2022-08-11}
}

@online{dotnet,
  author = {Microsoft},
  title = {NET Docs},
  year = 2022,
  url = {https://learn.microsoft.com/it-it/dotnet/},
  urldate = {2022-08-11}
}